<record><leader>00000cas a22000007a 4500</leader><controlfield tag="001">20602750</controlfield><controlfield tag="008">891106d19811985lauwr ne      0    0eng d</controlfield><datafield ind1=" " ind2=" " tag="010"><subfield code="a">sn 89059434 </subfield></datafield><datafield ind1=" " ind2=" " tag="040"><subfield code="a">LNP</subfield><subfield code="b">eng</subfield><subfield code="c">LNP</subfield><subfield code="d">OCLCQ</subfield></datafield><datafield ind1=" " ind2=" " tag="042"><subfield code="a">msc</subfield></datafield><datafield ind1="0" ind2=" " tag="130"><subfield code="a">Richland journal (Rayville, La. : 1981)</subfield></datafield><datafield ind1="1" ind2="0" tag="245"><subfield code="a">Richland journal.</subfield></datafield><datafield ind1=" " ind2=" " tag="260"><subfield code="a">Rayville, La. :</subfield><subfield code="b">James Lonnie Walters</subfield></datafield><datafield ind1=" " ind2=" " tag="300"><subfield code="a">v.</subfield></datafield><datafield ind1=" " ind2=" " tag="310"><subfield code="a">Weekly</subfield></datafield><datafield ind1="0" ind2=" " tag="362"><subfield code="a">Vol. 1, no. 1 (July 31, 1981)-v. 5, no. 12 (Mar. 25, 1985).</subfield></datafield><datafield ind1=" " ind2=" " tag="752"><subfield code="a">United States</subfield><subfield code="b">Louisiana</subfield><subfield code="c">Richland</subfield><subfield code="d">Rayville.</subfield></datafield><datafield ind1="0" ind2="0" tag="785"><subfield code="t">Journal (Rayville, La.)</subfield><subfield code="w">(DLC)sn 89059435</subfield></datafield></record>